@online{net_canvas,
	author = "{Microsoft}",
	title = "Canvas Class MSDN Documentation",
	eprint = "online draft",
	year = "2008",
	cited = "17/4/2015",
	publisher = "{Microsoft}",
	url = "https://msdn.microsoft.com/library/system.windows.controls.canvas.aspx"
}

@online{java_canvas,
	author = "Oracle and others",
	title = "Class Canvas (Java Platform SE 7)",
	eprint = "online draft",
	year = "2011",
	cited = "17/4/2015",
	url = "http://docs.oracle.com/javase/7/docs/api/java/awt/Canvas.html"
}

@book{pagella,
	author = "Mario Andr√©s Pagella",
	title = "Making Isometric Social Real-Time Games with HTML5, CSS3, and JavaScript",
	publisher = "O'Reily Media, Inc.",
	address = "Sebastopol",
	year = "2011",
	isbn = "978-1-449-30475-1"
}

@book{gregory,
	author = "Jason Gregory",
	title = "Game Engine Architecture",
	publisher = "A K Peters, Ltd.",
	address = "Boca Raton",
	year = "2009",
	isbn = "978-1-4398-6526-2"
}